 Extrato Conta Corrente 
Conta ;28202660
Período ;01/02/2021;28/02/2021;
Depósito de Cheque ;0,00
Saldo Disponível ;R$ 3.453,76
Saldo Atual;R$ 3.453,76

DATA LANÇAMENTO;HISTÓRICO;VALOR;SALDO
01/02/2021;COMPRA CARTAO - COMPRA no estabelecimento CARREFOUR CXS 36 CAXIAS ; - R$ 145,49;3.718,96
01/02/2021;PIX ENVIADO - Cp: 08561701-1-21228705-Cleyton Rodrigo Ferreira d; - R$ 80,00;3.638,96
05/02/2021;PAGAMENTO FATURA INTER - Débito Automático Fatura Cartão Inter; - R$ 7,90;3.631,06
08/02/2021;COMPRA CARTAO - COMPRA no estabelecimento SIM CHARQUEADAS CAXIAS D; - R$ 19,23;3.611,83
08/02/2021;CASHBACK CARTAO DE CREDITO - ; R$ 0,01;3.611,84
12/02/2021;COMPRA CARTAO - COMPRA no estabelecimento CARREFOUR CXS 36 CAXIAS ; - R$ 24,89;3.586,95
17/02/2021;COMPRA CARTAO - COMPRA no estabelecimento SIM CHARQUEADAS CAXIAS D; - R$ 9,25;3.577,70
17/02/2021;COMPRA CARTAO - COMPRA no estabelecimento LUIGI PIZZARIA CAXIAS DO; - R$ 24,90;3.552,80
22/02/2021;COMPRA CARTAO - COMPRA no estabelecimento SIM CHARQUEADAS CAXIAS D; - R$ 9,25;3.543,55
